@MANUAL{svgspec,
    title = "Scalable Vector Graphics (SVG) 1.1 Specification {[online]}",
    organization = "WWW Consorcium",
    url = "http://www.w3.org/TR/2003/REC-SVG11-20030114/",
    note = "[cit. 2011-07-07]",
    key = "svg"
}

@BOOK{kobltypo,
	title = "Praktick{\' a} typografie",
	author = "Pavel Ko{\v c}i{\v c}ka and Filip Bla{\v z}ek",
	publisher = "Brno: Computer Press",
	year = "2004"
}

@BOOK{rybicka,
	title = "LaTeX pro za\v c\'ate\v cn\'\i{}ky",
	author = "Ji{\v r}{\' i} Rybi{\v c}ka",
	isbn = "80-7302-049-1",
	publisher = "Brno: Konvoj",
	edition = "3"
}

@MANUAL{iso690,
	organization = "\'U\v rad pro technickou normalizaci, metrologii a st\'atn\'\i{} zku\v sebnictv\'\i{}",
	title = "\v CSN ISO 690 Informace a dokumentace -- Pravidla pro bibliografick\'e odkazy a citace informa\v cn\'\i{}ch zdroj{\r u}",
	year = "2011"
}

@misc{gephi,
	title = "Gephi website",
	url = "http://gephi.org",
	type = "web page",
	year = "2014"
}

@misc{gephi:toolkit,
	title = "Gephi toolit website",
	url = "https://gephi.org/toolkit/",
	type = "web page",
	year = "2014"
}

@misc{ wiki:graf,
   author = "Wikipedie",
   title = "Graf (teorie grafù) --- Wikipedie: Otevøená encyklopedie",
   year = "2013",
   url = "http://cs.wikipedia.org/w/index.php?title=Graf_(teorie_grafu)&oldid=10977342",
   note = "[Online; navštíveno 21. 04. 2014]"
 }
 
 @misc{ wiki:rest,
   author = "Wikipedie",
   title = "Representational State Transfer --- Wikipedie: Otevøená encyklopedie",
   year = "2013",
   url = "http://cs.wikipedia.org/w/index.php?title=Representational_State_Transfer&oldid=10902570",
   note = "[Online; navštíveno 22. 04. 2014]"
 }
